@article{tamariz+kirby:2016,
	Author = {Monica Tamariz and Simon Kirby},
	Journal = {Current Opinion in Psychology},
	Pages = {37--43},
	Publisher = {Elsevier {BV}},
	Title = {The cultural evolution of language},
	Volume = {8},
	Year = 2016}

@book{horn:1972,
	Address = {Bloomington, IN},
	Author = {Laurence R. Horn},
	Publisher = {Indiana University Linguistics Club},
	Title = {On the Semantic Properties of Logical Operators in English},
	Year = {1972}}


@book{gazdar:1979,
	Address = {New York},
	Author = {Gazdar, Gerald},
	Publisher = {Academic Press},
	Title = {Pragmatics, Implicature, Presuposition and Logical Form},
	Year = {1979}}


@article{kirby+etal:2014,
	Author = {Simon Kirby and Tom Griffiths and Kenny Smith},
	Doi = {10.1016/j.conb.2014.07.014},
	Journal = {Current Opinion in Neurobiology},
	Pages = {108--114},
	Publisher = {Elsevier {BV}},
	Title = {Iterated learning and the evolution of language},
	Volume = {28},
	Year = 2014,
	Bdsk-Url-1 = {http://dx.doi.org/10.1016/j.conb.2014.07.014}}

@article{franke+jaeger:2014,
	Author = {Franke, Michael and J{\"a}ger, Gerhard},
	Journal = {Semantics, Pragmatics and the Case of Scalar Implicatures.},
	Pages = {170--200},
	Title = {Pragmatic back-and-forth reasoning},
	Year = {2014}}

@article{frank+goodman:2012,
	Author = {Michael C. Frank and Noah D. Goodman},
	Date-Modified = {2016-11-11 14:10:03 +0000},
	Journal = {Science},
	Number = {6084},
	Pages = {998--998},
	Publisher = {American Association for the Advancement of Science ({AAAS})},
	Title = {Predicting Pragmatic Reasoning in Language Games},
	Volume = {336},
	Year = 2012}


@article{griffiths+kalish:2007,
	Author = {Thomas L. Griffiths and Michael L. Kalish},
	Journal = {Cognitive Science},
	Number = {3},
	Pages = {441--480},
	Publisher = {Informa {UK} Limited},
	Title = {Language Evolution by Iterated Learning With Bayesian Agents},
	Volume = {31},
	Year = 2007}

@article{hofbauer+sigmund:2003,
	Author = {Josef Hofbauer and Karl Sigmund},
	Journal = {Bulletin of the American Mathematical Society},
	Number = {04},
	Pages = {479--520},
	Title = {Evolutionary game dynamics},
	Volume = {40},
	Year = 2003}

@incollection{grice:1975,
	Address = {Cambridge, MA},
	Author = {Paul Grice},
	Booktitle = {Studies in the Ways of Words},
	Chapter = {2},
	Pages = {22--40},
	Publisher = {Harvard University Press},
	Title = {Logic and Conversation},
	Year = {1975}}


@article{oconnor:2015,
	doi = {10.1093/bjps/axv038},
	year = 2015,
	author = {Cailin O'Connor},
	title = {Evolving to Generalize: Trading Precision for Speed},
	journal = {The British Journal for the Philosophy of Science}
}

@article{franke+correia:toappear,
	Author = {Michael Franke and Jose Pedro Correia},
	Journal = {British Journal for the Philosophy of Science},
	Title = {Vagueness and imprecise imitation in signalling games},
	Year = {to appear}}

@InProceedings{brochhagen+etal:2016:CogSci,
    author={Brochhagen, Thomas and Michael Franke and Robert van Rooij},
    title={Learning biases may prevent lexicalization of pragmatic inferences: a case study combining iterated (Bayesian) learning and functional selection},
    booktitle={Proceedings of the 38th Annual Conference of the Cognitive Science Society},
    year={2016},
    address={Austin, TX},
    publisher={Cognitive Science Society},
    pages={2081--2086}
}

@article{kirby+etal:2007,
	Author = {S. Kirby and M. Dowman and T. L. Griffiths},
	Doi = {10.1073/pnas.0608222104},
	Journal = {Proceedings of the National Academy of Sciences},
	Number = 12,
	Pages = {5241--5245},
	Publisher = {Proceedings of the National Academy of Sciences},
	Title = {Innateness and culture in the evolution of language},
	Volume = 104,
	Year = 2007,
	Bdsk-Url-1 = {http://dx.doi.org/10.1073/pnas.0608222104}}

@article{feldman:2000,
	Author = {Feldman, Jacob},
	Journal = {Nature},
	Number = {6804},
	Pages = {630--633},
	Publisher = {Nature Publishing Group},
	Title = {Minimization of Boolean complexity in human concept learning},
	Volume = {407},
	Year = {2000}}

@article{chater+vitanyi:2003,
	Author = {Nick Chater and Paul Vit{\'{a}}nyi},
	Doi = {10.1016/s1364-6613(02)00005-0},
	Journal = {Trends in Cognitive Sciences},
	Number = {1},
	Pages = {19--22},
	Publisher = {Elsevier {BV}},
	Title = {Simplicity: a unifying principle in cognitive science?},
	Volume = {7},
	Year = 2003,
	Bdsk-Url-1 = {http://dx.doi.org/10.1016/s1364-6613(02)00005-0}}

@article{smith:2011,
	doi = {10.3378/027.083.0207},
	year = 2011,
	volume = {83},
	number = {2},
	pages = {261--278},
	author = {Kenny Smith},
	title = {Learning Bias, Cultural Evolution of Language, and the Biological Evolution of the Language Faculty},
	journal = {Human Biology}}

@article{merriman+bowman:1989,
 doi = {10.2307/1166130},
 author = {William E. Merriman and Laura L. Bowman},
 journal = {Monographs of the Society for Research in Child Development},
 number = {3/4},
 pages = {i-129},
 publisher = {Society for Research in Child Development, Wiley},
 title = {The Mutual Exclusivity Bias in Children's Word Learning},
 volume = {54},
 year = {1989}
}

@book{brown:1973,
	doi = {10.4159/harvard.9780674732469},
	year = 1973,
	publisher = {Harvard University Press},
	author = {Roger Brown},
	title = {A First Language}
}

@incollection{clark:2009,
	doi = {10.1017/cbo9780511576164.016},
	year = 2009,
	publisher = {Cambridge University Press},
	pages = {283--300},
	author = {Eve V. Clark},
	editor = {Edith L. Bavin},
	title = {Lexical meaning},
	booktitle = {The Cambridge Handbook of Child Language}
}

@article{kirby+etal:2015,
	Author = {Kirby, Simon and Tamariz, Monica and Cornish, Hannah and Smith, Kenny},
	Journal = {Cognition},
	Pages = {87--102},
	Publisher = {Elsevier},
	Title = {Compression and communication in the cultural evolution of linguistic structure},
	Volume = {141},
	Year = {2015}}

@article{hudson+etal:2005,
	doi = {10.1207/s15473341lld0102\_3},
	year = 2005,
	publisher = {Informa {UK} Limited},
	volume = {1},
	number = {2},
	pages = {151--195},
	author = {Carla L. {Hudson Kam} and Elissa Newport},
	title = {Regularizing Unpredictable Variation: The Roles of Adult and Child Learners in Language Formation and Change},
	journal = {Language Learning and Development}
}


